@article{art1 ,
author = {Aranha, Christian  and Passos, Emmanuel },
title = {A Tecnologia de Mineração de Textos},
journal = {JRESI-Revista Elerônica de Sistemas de Informação - Lab.ICA Elétrica PUC-Rio},
year = {2006},
number = {2}
}

@article{art2 ,
author = {Morais, Edison Andrade Martins and Ambrósio, Ana Paula L. },
title = {Mineração de Textos},
journal = {Instituto de Informática - Universidade Federal de Goiás},
month = {Dezembro},
year = {2007},
number = {7}
}

@article{art3 ,
author = {Joorabchi, Arash and English, Michael and  E. Mahdi, Abdulhussain},
title = {Text mining stackoverflow - An insight into challenges and subject-related difficulties faced by computer science learners},
journal = {Emerald Insight},
month = {August},
year = {2015},
volume = {29},
number = {2}
}

@article{art4 ,
author = { Hearst, Marti },
title = {What Is Text Mining?},
journal = {SIMS,UC Berkeley },
month = {October},
year = {2003}
}

@article{art5 ,
author = {Cohen, K. Bretonnel and Hunter, Lawrence},
title = {Getting Started in Text Mining},
journal = {PLOS Computational Biology},
month = {January},
year = {2008},
volume = {4},
number = {20}
}

@article{art6 ,
author = {Nagarkar, Shubhada Prashant  and Kumbhar, Rajendra },
title = {Text mining - An analysis of research published under the subject category ‘Information Science Library Science in Web of Science Database during 1999-2013},
journal = {Emerald Insight},
month = {February},
year = {2015},
volume = {64},
number = {3}
}

@article{art7 ,
author = {Loh, Stanley and Wives, Leandro Krug and Oliveira, José Palazzo M. },
title = {Descoberta Proativa de Conhecimento em Textos: Aplicações em Inteligência Competitiva},
journal = {PPGC-UFRGS},
year = {2002},
volume = {69}
}

@article{art8 ,
author = {Das, Sumit and Dey, Aritra and Pal, Akash and Roy, Nabamita},
title = {Applications of Artificial Intelligence in Machine Learning: Review and Prospect},
journal = {International Journal of Computer Applications},
year = {2015},
volume = {115},
number = {9}
}

@article{art9 ,
author = {Fayyad, Usama and  Piatetsky-Shapiro, Gregory  and Smyth, Padhraic},
title = {From Data Mining to Knowledge Discovery in Databases},
journal = {AI Magazine},
year = {1996},
volume = {17},
number = {3}
}


@article{art10 ,
author = {Gupta, Vishal and  S. Lehal, Gurpreet},
title = {A Survey of Text Mining Techniques and Applications },
journal = {EMERGING TECHNOLOGIES IN WEB INTELLIGENCE},
month = {August},
year = {2009},
volume = {1},
number = {1}
}

@article{art11 ,
author = {He, Wu and Zha, Shenghua and Li, Ling},
title = {Social media competitive analysis and text mining: A case study in the pizza industry},
journal = {International Journal of Information Management},
month = {February},
year = {2013},
number = {33}
}